<?xml version="1.0" encoding="UTF-8"?><collection xmlns="http://www.loc.gov/MARC21/slim"><record><leader>00366nam--2200145-i-4500</leader><controlfield tag="001">000019274</controlfield><controlfield tag="002">20161230</controlfield><controlfield tag="005">20161230201033</controlfield><controlfield tag="008">060222s1000------------r-----000-0-eng-d</controlfield><datafield ind1=" " ind2=" " tag="100"><subfield code="a">Eilenberg, Samuel</subfield></datafield><datafield ind1=" " ind2=" " tag="245"><subfield code="a">Elgot, calvin c</subfield></datafield><datafield ind1=" " ind2=" " tag="260"><subfield code="a">Recursiveness</subfield></datafield><datafield ind1=" " ind2=" " tag="490"><subfield code="a">Mcgraw-hill Electrical And Electronic</subfield></datafield><datafield ind1=" " ind2=" " tag="852"><subfield code="a">35412</subfield><subfield code="c">517.5</subfield></datafield><datafield ind1=" " ind2=" " tag="CAT"><subfield code="a">Sys</subfield><subfield code="c">20080805</subfield><subfield code="h">122803</subfield></datafield></record></collection>